@article{mott1974metal,
  title={Metal-insulator transitions in VO2, Ti2O3 and Ti2-x V x O3},
  author={Mott, Nevill Francis and Friedman, L},
  journal={Philosophical Magazine},
  volume={30},
  number={2},
  pages={389--402},
  year={1974},
  publisher={Taylor \& Francis}
}
@book{anderson1984basic,
  title={Basic notions of condensed matter physics},
  author={Anderson, Philip W and Anderson, Philip W},
  volume={55},
  year={1984},
  publisher={Benjamin/Cummings Publishing Company, Advanced Book Program}
}
@article{anderson1997theory,
  title={The Theory of Superconductivity in the High-T Cuprates},
  author={Anderson, PW},
  journal={Princeton Series in Physics},
  year={1997}
}
@article{scalapino1995case,
  title={The case for< i> d</i>< sub> x2- y2</sub> pairing in the cuprate superconductors},
  author={Scalapino, Douglas J},
  journal={Physics Reports},
  volume={250},
  number={6},
  pages={329--365},
  year={1995},
  publisher={Elsevier}
}
@book{hewson1997kondo,
  title={The Kondo problem to heavy fermions},
  author={Hewson, Alexander Cyril},
  number={2},
  year={1997},
  publisher={Cambridge university press}
}
@article{georges1996dynamical,
  title={Dynamical mean-field theory of strongly correlated fermion systems and the limit of infinite dimensions},
  author={Georges, Antoine and Kotliar, Gabriel and Krauth, Werner and Rozenberg, Marcelo J},
  journal={Reviews of Modern Physics},
  volume={68},
  number={1},
  pages={13},
  year={1996},
  publisher={APS}
}
@article{kotliar2004strongly,
  title={Strongly correlated materials: Insights from dynamical mean-field theory},
  author={Kotliar, Gabriel and Vollhardt, Dieter},
  journal={Physics Today},
  volume={57},
  number={3},
  pages={53--60},
  year={2004},
  publisher={American Institute of Physics}
}
@article{anisimov1997first,
  title={First-principles calculations of the electronic structure and spectra of strongly correlated systems: dynamical mean-field theory},
  author={Anisimov, VI and Poteryaev, AI and Korotin, MA and Anokhin, AO and Kotliar, G},
  journal={Journal of Physics: Condensed Matter},
  volume={9},
  number={35},
  pages={7359},
  year={1997},
  publisher={IOP Publishing}
}
@article{lichtenstein1998ab,
  title={Ab initio calculations of quasiparticle band structure in correlated systems: LDA++ approach},
  author={Lichtenstein, AI and Katsnelson, MI},
  journal={Physical Review B},
  volume={57},
  number={12},
  pages={6884},
  year={1998},
  publisher={APS}
}
@book{mahan2000many,
  title={Many particle physics},
  author={Mahan, Gerald D},
  year={2000},
  publisher={Springer}
}
@article{irkhin2001effects,
  title={Effects of van Hove singularities on magnetism and superconductivity in the t-t' Hubbard model: A parquet approach},
  author={Irkhin, V Yu and Katanin, AA and Katsnelson, MI},
  journal={Physical Review B},
  volume={64},
  number={16},
  pages={165107},
  year={2001},
  publisher={APS}
}
@article{irkhin2002robustness,
  title={Robustness of the Van Hove Scenario for High-T c Superconductors},
  author={Irkhin, V Yu and Katanin, AA and Katsnelson, MI},
  journal={Physical review letters},
  volume={89},
  number={7},
  pages={076401},
  year={2002},
  publisher={APS}
}
@article{katanin,
Author = {G. Rohringer and A. Toschi and H. Hafermann and K. Held and V. I. Anisimov and A. A. Katanin},
Title = {One-particle irreducible functional approach - a new route to diagrammatic extensions of DMFT},
Year = {2013},
Eprint = {arXiv:1301.7546},
Howpublished = {\href{http://arxiv.org/abs/0812.2456}{arXiv:1301.7546}},
}
@article{PhysRevB.77.195105,
  title = {Dual fermion approach to susceptibility of correlated lattice fermions},
  author = {Brener, S. and Hafermann, H. and Rubtsov, A. N. and Katsnelson, M. I. and Lichtenstein, A. I.},
  journal = {Phys. Rev. B},
  volume = {77},
  issue = {19},
  pages = {195105},
  numpages = {12},
  year = {2008},
  month = {May},
  publisher = {American Physical Society},
  doi = {10.1103/PhysRevB.77.195105},
  url = {http://link.aps.org/doi/10.1103/PhysRevB.77.195105}
}
@article{PhysRevB.77.033101,
  title = {Dual fermion approach to nonlocal correlations in the Hubbard model},
  author = {Rubtsov, A. N. and Katsnelson, M. I. and Lichtenstein, A. I.},
  journal = {Phys. Rev. B},
  volume = {77},
  issue = {3},
  pages = {033101},
  numpages = {4},
  year = {2008},
  month = {Jan},
  publisher = {American Physical Society},
  doi = {10.1103/PhysRevB.77.033101},
  url = {http://link.aps.org/doi/10.1103/PhysRevB.77.033101}
}
@misc{negele1998quantum,
  title={Quantum Many-Particle Systems (Boulder, CO},
  author={Negele, JW and Orland, H},
  year={1998},
  publisher={Westview Press}
}
@article{bickers,
  title={Theoretical Methods for Strongly Correlated Electrons, Chap 6},
  author={D. B. McWhan, A. Menth, J. P. Remeika, W. F. Brinkman, and T. M. Rice},
  year={1973},
  publisher={Phys. Rev. B 7, 1920}
}
@article{toschi2007dynamical,
  title={Dynamical vertex approximation: A step beyond dynamical mean-field theory},
  author={Toschi, Alessandro and Katanin, AA and Held, Karsten},
  journal={Physical Review B},
  volume={75},
  number={4},
  pages={045118},
  year={2007},
  publisher={APS}
}
@article{katanin2009comparing,
  title={Comparing pertinent effects of antiferromagnetic fluctuations in the two-and three-dimensional Hubbard model},
  author={Katanin, AA and Toschi, A and Held, K},
  journal={Physical Review B},
  volume={80},
  number={7},
  pages={075104},
  year={2009},
  publisher={APS}
}